@book{shulman2013brain,
  title={Brain imaging: What it can (and cannot) tell us about consciousness},
  author={Shulman, Robert G},
  year={2013},
  publisher={Oxford University Press}
}

@book{ayd2000lexicon,
  title={Lexicon of psychiatry, neurology, and the neurosciences},
  author={Ayd, Frank J},
  year={2000},
  publisher={Lippincott Williams \& Wilkins}
}

@book{kandel2000principles,
  title={Principles of neural science},
  author={Kandel, Eric R and Schwartz, James H and Jessell, Thomas M and Department of Biochemistry and Molecular Biophysics Thomas Jessell and Siegelbaum, Steven and Hudspeth, AJ},
  volume={4},
  year={2000},
  publisher={McGraw-hill New York}
}

@article{brown2003likelihood,
  title={Likelihood methods for neural spike train data analysis},
  author={Brown, Emery N and Barbieri, Riccardo and Eden, Uri T and Frank, Loren M},
  journal={Computational neuroscience: A comprehensive approach},
  pages={253--286},
  year={2003},
  publisher={CRC Press London}
}

@article{bzdok2017classical,
  title={Classical statistics and statistical learning in imaging neuroscience},
  author={Bzdok, Danilo},
  journal={Frontiers in neuroscience},
  volume={11},
  pages={543},
  year={2017},
  publisher={Frontiers}
}

@article{stokes2017study,
  title={A study of problems encountered in Granger causality analysis from a neuroscience perspective},
  author={Stokes, Patrick A and Purdon, Patrick L},
  journal={Proceedings of the national academy of sciences},
  volume={114},
  number={34},
  pages={E7063--E7072},
  year={2017},
  publisher={National Acad Sciences}
}

@article{tlumak200780,
  title={80 Hz auditory steady-state responses (ASSR) at 250 Hz and 12,000 Hz: Respuestas Auditivas de Estado Estable de 80 Hz (ASSR) a 250 Hz y 12 kHz},
  author={Tlumak, Abreena I and Durrant, John D and Collet, Lionel},
  journal={International journal of audiology},
  volume={46},
  number={1},
  pages={26--30},
  year={2007},
  publisher={Taylor \& Francis}
}

@article{petitot2005auditory,
  title={Auditory steady-state responses (ASSR): effects of modulation and carrier frequencies: respuestas auditivas de estado estable (ASSR): efectos de la modulaci{\'o}n y de la frecuencia portadora},
  author={Petitot, Charles and Collet, Lionel and Durrant, John D},
  journal={International Journal of Audiology},
  volume={44},
  number={10},
  pages={567--573},
  year={2005},
  publisher={Taylor \& Francis}
}

@inproceedings{darestani2015statistical,
  title={A statistical comparison of the spatial distribution of ASSR sources across age},
  author={Darestani Farahani, Ehsan and Wouters, Jan and Van Wieringen, Astrid},
  booktitle={Front. Neuroinform. Conference Abstract: Second Belgian Neuroinformatics Congress. doi: 10.3389/conf. fninf},
  volume={5},
  year={2015}
}

@article{agresti2000random,
  title={Random-effects modeling of categorical response data},
  author={Agresti, Alan and Booth*, James G and Hobert*, James P and Caffo*, Brian},
  journal={Sociological Methodology},
  volume={30},
  number={1},
  pages={27--80},
  year={2000},
  publisher={Wiley Online Library}
}

@book{pinheiro2006mixed,
  title={Mixed-effects models in S and S-PLUS},
  author={Pinheiro, Jos{\'e} and Bates, Douglas},
  year={2006},
  publisher={Springer Science \& Business Media}
}

@article{bohorquez2008generation,
  title={Generation of the 40-Hz auditory steady-state response (ASSR) explained using convolution},
  author={Boh{\'o}rquez, Jorge and {\"O}zdamar, {\"O}zcan},
  journal={Clinical neurophysiology},
  volume={119},
  number={11},
  pages={2598--2607},
  year={2008},
  publisher={Elsevier}
}

@article{galambos198140,
  title={A 40-Hz auditory potential recorded from the human scalp},
  author={Galambos, Robert and Makeig, Scott and Talmachoff, Peter J},
  journal={Proceedings of the national academy of sciences},
  volume={78},
  number={4},
  pages={2643--2647},
  year={1981},
  publisher={National Acad Sciences}
}

@article{rickards1982steady,
  title={Steady state evoked potentials to amplitude modulated tones},
  author={Rickards, FW and Clark, Graeme M},
  journal={Scientific publications, vol. 2, 1978-1983, no. 123},
  year={1982}
}

@article{picton1987potentials,
  title={Potentials evoked by the sinusoidal modulation of the amplitude or frequency of a tone},
  author={Picton, Terence W and Skinner, Christopher R and Champagne, Sandra C and Kellett, Adrian JC and Maiste, Anita C},
  journal={The Journal of the Acoustical Society of America},
  volume={82},
  number={1},
  pages={165--178},
  year={1987},
  publisher={Acoustical Society of America}
}

@article{kuwada1986scalp,
  title={Scalp potentials of normal and hearing-impaired subjects in response to sinusoidally amplitude-modulated tones},
  author={Kuwada, Shigeyuki and Batra, Ranjan and Maher, Virginia L},
  journal={Hearing research},
  volume={21},
  number={2},
  pages={179--192},
  year={1986},
  publisher={Elsevier}
}

@article{cohen1991comparison,
  title={A comparison of steady-state evoked potentials to modulated tones in awake and sleeping humans},
  author={Cohen, Lawrence T and Rickards, Field W and Clark, Graeme M},
  journal={The Journal of the Acoustical Society of America},
  volume={90},
  number={5},
  pages={2467--2479},
  year={1991},
  publisher={Acoustical Society of America}
}

@article{john2000master,
  title={MASTER: a Windows program for recording multiple auditory steady-state responses},
  author={John, MS and Picton, TW},
  journal={Computer methods and programs in biomedicine},
  volume={61},
  number={2},
  pages={125--150},
  year={2000},
  publisher={Elsevier}
}

@article{cone2002auditory,
  title={The auditory steady-state response: comparisons with the auditory brainstem response},
  author={Cone-Wesson, Barbara and Dowell, Richard C and Tomlin, Dani and Rance, Gary and Ming, Wu Jia},
  journal={Journal of the American Academy of Audiology},
  volume={13},
  number={4},
  pages={173--187},
  year={2002},
  publisher={American Academy of Audiology}
}

@article{han2019functional,
  title={Functional Dissociation of $\theta$ Oscillations in the Frontal and Visual Cortices and Their Long-Range Network during Sustained Attention},
  author={Han, Hio-Been and Lee, Ka Eun and Choi, Jee Hyun},
  journal={eNeuro},
  volume={6},
  number={6},
  year={2019},
  publisher={Society for Neuroscience}
}

@article{shoker2005artifact,
  title={Artifact removal from electroencephalograms using a hybrid BSS-SVM algorithm},
  author={Shoker, Leor and Sanei, Saeid and Chambers, Jonathon},
  journal={IEEE Signal Processing Letters},
  volume={12},
  number={10},
  pages={721--724},
  year={2005},
  publisher={IEEE}
}

@article{nolan2010faster,
  title={FASTER: fully automated statistical thresholding for EEG artifact rejection},
  author={Nolan, Hugh and Whelan, Robert and Reilly, Richard B},
  journal={Journal of neuroscience methods},
  volume={192},
  number={1},
  pages={152--162},
  year={2010},
  publisher={Elsevier}
}

@article{mognon2011adjust,
  title={ADJUST: An automatic EEG artifact detector based on the joint use of spatial and temporal features},
  author={Mognon, Andrea and Jovicich, Jorge and Bruzzone, Lorenzo and Buiatti, Marco},
  journal={Psychophysiology},
  volume={48},
  number={2},
  pages={229--240},
  year={2011},
  publisher={Wiley Online Library}
}

@article{lawhern2013detect,
  title={DETECT: A MATLAB toolbox for event detection and identification in time series, with applications to artifact detection in EEG signals},
  author={Lawhern, Vernon and Hairston, W David and Robbins, Kay},
  journal={PloS one},
  volume={8},
  number={4},
  year={2013},
  publisher={Public Library of Science}
}

@article{subha2010eeg,
  title={EEG signal analysis: a survey},
  author={Subha, D Puthankattil and Joseph, Paul K and Acharya, Rajendra and Lim, Choo Min},
  journal={Journal of medical systems},
  volume={34},
  number={2},
  pages={195--212},
  year={2010},
  publisher={Springer}
}

@book{miller2012probability,
  title={Probability and random processes: With applications to signal processing and communications},
  author={Miller, Scott and Childers, Donald},
  year={2012},
  publisher={Academic Press}
}

@article{stoica2005spectral,
  title={Spectral analysis of signals},
  author={Stoica, Petre and Moses, Randolph L and others},
  year={2005},
  publisher={Pearson Prentice Hall Upper Saddle River, NJ}
}

@book{tukey1977exploratory,
  title={Exploratory data analysis},
  author={Tukey, John W},
  volume={2},
  year={1977},
  publisher={Reading, Mass.}
}

@article{peirce1852criterion,
  title={Criterion for the rejection of doubtful observations},
  author={Peirce, Benjamin},
  journal={The Astronomical Journal},
  volume={2},
  pages={161--163},
  year={1852}
}

@article{thompson1985note,
  title={A note on restricted maximum likelihood estimation with an alternative outlier model},
  author={Thompson, Robin},
  journal={Journal of the Royal Statistical Society: Series B (Methodological)},
  volume={47},
  number={1},
  pages={53--55},
  year={1985},
  publisher={Wiley Online Library}
}

@article{knorr2000distance,
  title={Distance-based outliers: algorithms and applications},
  author={Knorr, Edwin M and Ng, Raymond T and Tucakov, Vladimir},
  journal={The VLDB Journal},
  volume={8},
  number={3-4},
  pages={237--253},
  year={2000},
  publisher={Springer}
}

@article{ehlers1997slow,
  title={Slow-wave sleep: do young adult men and women age differently?},
  author={Ehlers, Cindy and Kupfer, David},
  journal={Journal of sleep research},
  volume={6},
  number={3},
  pages={211--215},
  year={1997},
  publisher={Wiley Online Library}
}

@article{vertes2005hippocampal,
  title={Hippocampal theta rhythm: A tag for short-term memory},
  author={Vertes, Robert P},
  journal={Hippocampus},
  volume={15},
  number={7},
  pages={923--935},
  year={2005},
  publisher={Wiley Online Library}
}

@article{baker2007oscillatory,
  title={Oscillatory interactions between sensorimotor cortex and the periphery},
  author={Baker, Stuart N},
  journal={Current opinion in neurobiology},
  volume={17},
  number={6},
  pages={649--655},
  year={2007},
  publisher={Elsevier}
}

@inproceedings{crick1990towards,
  title={Towards a neurobiological theory of consciousness},
  author={Crick, Francis and Koch, Christof},
  booktitle={Seminars in the Neurosciences},
  volume={2},
  pages={263--275},
  year={1990},
  organization={Saunders Scientific Publications}
}

@article{welch1947generalization,
  title={The generalization ofstudent's' problem when several different population variances are involved},
  author={Welch, Bernard L},
  journal={Biometrika},
  volume={34},
  number={1/2},
  pages={28--35},
  year={1947},
  publisher={JSTOR}
}

@book{denker1985asymptotic,
  title={Asymptotic distribution theory in nonparametric statistics},
  author={Denker, Manfred},
  year={1985},
  publisher={Springer}
}

@book{demidenko2013mixed,
  title={Mixed models: theory and applications with R},
  author={Demidenko, Eugene},
  year={2013},
  publisher={John Wiley \& Sons}
}

@book{searle2001generalized,
  title={Generalized, linear and mixed models},
  author={Searle, Shayle Robert and McCulloch, Charles E},
  year={2001},
  publisher={Wiley}
}

@article{friedman2010regularization,
  title={Regularization paths for generalized linear models via coordinate descent},
  author={Friedman, Jerome and Hastie, Trevor and Tibshirani, Rob},
  journal={Journal of statistical software},
  volume={33},
  number={1},
  pages={1},
  year={2010},
  publisher={NIH Public Access}
}

@article{chicco2020advantages,
  title={The advantages of the Matthews correlation coefficient (MCC) over F1 score and accuracy in binary classification evaluation},
  author={Chicco, Davide and Jurman, Giuseppe},
  journal={BMC genomics},
  volume={21},
  number={1},
  pages={6},
  year={2020},
  publisher={Springer}
}

@inproceedings{beyer1999nearest,
  title={When is “nearest neighbor” meaningful?},
  author={Beyer, Kevin and Goldstein, Jonathan and Ramakrishnan, Raghu and Shaft, Uri},
  booktitle={International conference on database theory},
  pages={217--235},
  year={1999},
  organization={Springer}
}

@article{leshno1993multilayer,
  title={Multilayer feedforward networks with a nonpolynomial activation function can approximate any function},
  author={Leshno, Moshe and Lin, Vladimir Ya and Pinkus, Allan and Schocken, Shimon},
  journal={Neural networks},
  volume={6},
  number={6},
  pages={861--867},
  year={1993},
  publisher={Elsevier}
}

@article{tuerlinckx2006statistical,
  title={Statistical inference in generalized linear mixed models: A review},
  author={Tuerlinckx, Francis and Rijmen, Frank and Verbeke, Geert and De Boeck, Paul},
  journal={British Journal of Mathematical and Statistical Psychology},
  volume={59},
  number={2},
  pages={225--255},
  year={2006},
  publisher={Wiley Online Library}
}

@article{capanu2013assessment,
  title={An assessment of estimation methods for generalized linear mixed models with binary outcomes},
  author={Capanu, Marinela and G{\"o}nen, Mithat and Begg, Colin B},
  journal={Statistics in medicine},
  volume={32},
  number={26},
  pages={4550--4566},
  year={2013},
  publisher={Wiley Online Library}
}

@incollection{zhang2008variance,
  title={Variance component testing in generalized linear mixed models for longitudinal/clustered data and other related topics},
  author={Zhang, Daowen and Lin, Xihong},
  booktitle={Random effect and latent variable model selection},
  pages={19--36},
  year={2008},
  publisher={Springer}
}

@article{mcculloch2011prediction,
  title={Prediction of random effects in linear and generalized linear models under model misspecification},
  author={McCulloch, Charles E and Neuhaus, John M},
  journal={Biometrics},
  volume={67},
  number={1},
  pages={270--279},
  year={2011},
  publisher={Wiley Online Library}
}

@book{van2000asymptotic,
  title={Asymptotic statistics},
  author={Van der Vaart, Aad W},
  volume={3},
  year={2000},
  publisher={Cambridge university press}
}

@book{bickel2015mathematical,
  title={Mathematical statistics: basic ideas and selected topics, volume I},
  author={Bickel, Peter J and Doksum, Kjell A},
  volume={117},
  year={2015},
  publisher={CRC Press}
}

@book{billingsley2008probability,
  title={Probability and measure},
  author={Billingsley, Patrick},
  year={2008},
  publisher={John Wiley \& Sons}
}

@article{fisher1936use,
  title={The use of multiple measurements in taxonomic problems},
  author={Fisher, Ronald A},
  journal={Annals of eugenics},
  volume={7},
  number={2},
  pages={179--188},
  year={1936},
  publisher={Wiley Online Library}
}


@article{Cybenko1989,
	Author = {Cybenko, G. },
	Da = {1989/12/01},
	Date-Added = {2020-07-08 11:53:41 +0900},
	Date-Modified = {2020-07-08 11:53:41 +0900},
	Doi = {10.1007/BF02551274},
	Id = {Cybenko1989},
	Isbn = {1435-568X},
	Journal = {Mathematics of Control, Signals and Systems},
	Number = {4},
	Pages = {303--314},
	Title = {Approximation by superpositions of a sigmoidal function},
	Ty = {JOUR},
	Url = {https://doi.org/10.1007/BF02551274},
	Volume = {2},
	Year = {1989},
	Bdsk-Url-1 = {https://doi.org/10.1007/BF02551274}
}

@article{kidger2019universal,
  title={Universal approximation with deep narrow networks},
  author={Kidger, Patrick and Lyons, Terry},
  journal={arXiv preprint arXiv:1905.08539},
  year={2019}
}

@article{hanin2017approximating,
  title={Approximating continuous functions by relu nets of minimal width},
  author={Hanin, Boris and Sellke, Mark},
  journal={arXiv preprint arXiv:1710.11278},
  year={2017}
}

@article{lin2006random,
  title={Random forests and adaptive nearest neighbors},
  author={Lin, Yi and Jeon, Yongho},
  journal={Journal of the American Statistical Association},
  volume={101},
  number={474},
  pages={578--590},
  year={2006},
  publisher={Taylor \& Francis}
}